<collection xmlns="http://www.loc.gov/MARC21/slim">
<record>
  <leader>00801nam0a22001931i 450 </leader>
  <controlfield tag="001">IT\ICCU\CNCE\050601</controlfield>
  <controlfield tag="005">20150218000000.0</controlfield>
  <datafield tag="100" ind1=" " ind2=" ">
    <subfield code="a">20000131d1581        0itac0103    ba</subfield>
  </datafield>
  <datafield tag="101" ind1=" " ind2=" ">
    <subfield code="a">LAT</subfield>
  </datafield>
  <datafield tag="102" ind1=" " ind2=" ">
    <subfield code="a">IT</subfield>
  </datafield>
  <datafield tag="200" ind1="1" ind2=" ">
    <subfield code="a">Poemata Ioannis Aloysii Mormilis ecloga, ortus, naenia somnium, et in compedibus carmentis epigrammata</subfield>
  </datafield>
  <datafield tag="210" ind1=" " ind2=" ">
    <subfield code="a">Neapoli</subfield>
    <subfield code="c">apud haeredes Matthiae Cancri</subfield>
    <subfield code="d">1581</subfield>
    <subfield code="e">Impressa Neap.</subfield>
    <subfield code="g">apud haeredes Matthiae Cancri</subfield>
    <subfield code="h">1581</subfield>
  </datafield>
  <datafield tag="215" ind1=" " ind2=" ">
    <subfield code="a">44 p.</subfield>
    <subfield code="d">8ʻ</subfield>
  </datafield>
  <datafield tag="620" ind1=" " ind2=" ">
    <subfield code="a">IT</subfield>
    <subfield code="d">Napoli</subfield>
  </datafield>
  <datafield tag="700" ind1=" " ind2="1">
    <subfield code="a">Mormile,</subfield>
    <subfield code="b">Giovanni Luigi</subfield>
    <subfield code="3">IT\ICCU\CNCA\015877</subfield>
  </datafield>
  <datafield tag="712" ind1="0" ind2="0">
    <subfield code="a">Cancer, Mattia - eredi</subfield>
    <subfield code="3">IT\ICCU\CNCT\000674</subfield>
    <subfield code="4">650</subfield>
  </datafield>
  <datafield tag="790" ind1=" " ind2="1">
    <subfield code="a">Mormilius,</subfield>
    <subfield code="b">Ioannes Aloysius</subfield>
    <subfield code="3">IT\ICCU\CNCA\021187</subfield>
    <subfield code="z">Mormile, Giovanni Luigi</subfield>
  </datafield>
  <datafield tag="801" ind1=" " ind2="3">
    <subfield code="a">IT</subfield>
    <subfield code="b">ICCU</subfield>
    <subfield code="c">20201115</subfield>
  </datafield>
  <datafield tag="899" ind1=" " ind2=" ">
    <subfield code="a">Biblioteca nazionale Vittorio Emanuele III. Napoli</subfield>
    <subfield code="1">NA0079</subfield>
    <subfield code="2">NAP BN</subfield>
  </datafield>
</record>
</collection>
